
@book{Simons_Jones_2011, edition={Second}, chapter={1 The Study of Persuasion}, title={Persuasion in society}, publisher={Taylor \& Francis}, author={Simons, Herbert W. and Jones, Jean G.}, isbn={1135890633, 9781135890636}, year={2011}, pages={23–25}} 

@article{Alslaity_Tran_2021, title={Users’ responsiveness to persuasive techniques in Recommender Systems}, volume={4}, DOI={10.3389/frai.2021.679459}, journal={Frontiers in Artificial Intelligence}, author={Alslaity, Alaa and Tran, Thomas}, year={2021}} 

@article{Alslaity_Tran_2019, title={Towards persuasive recommender systems}, DOI={10.1109/infoct.2019.8711416}, journal={2019 IEEE 2nd International Conference on Information and Computer Technologies (ICICT)}, author={Alslaity, Alaa and Tran, Thomas}, year={2019}} 

@book{Yoo_Gretzel_Zanker_2013, place={New York}, title={Persuasive recommender systems: Conceptual background and implications}, chapter={Theoretical Background}, publisher={Springer}, author={Yoo, Kyung H. and Gretzel, Ulrike and Zanker, Markus}, year={2013}, pages={4–6}} 

@article{Jesse_Jannach_2021, title={Digital nudging with Recommender Systems: Survey and future directions}, volume={3}, DOI={10.1016/j.chbr.2020.100052}, journal={Computers in Human Behavior Reports}, author={Jesse, Mathias and Jannach, Dietmar}, year={2021}, pages={1-3} }

@article{Weinmann_Schneider_Brocke_2016, title={Digital nudging}, volume={58}, DOI={10.1007/s12599-016-0453-1}, number={6}, journal={Business \& Information Systems Engineering}, author={Weinmann, Markus and Schneider, Christoph and Brocke, Jan vom}, year={2016}, pages={433–434}} 

@book{Thaler_Sunstein_2008, edition={First}, chapter={1 Humans and Econs}, title={Nudge: Improving decisions about health, wealth, and happiness}, publisher={Yale University Press}, author={Thaler, Richard H. and Sunstein, Cass R.}, year={2008}, pages={22–36, 83–86}, isbn={9780300122237}} 


@article{Karlsen_Andersen_2019, title={Recommendations with a nudge}, volume={7}, DOI={10.3390/technologies7020045}, number={2}, journal={Technologies}, author={Karlsen, Randi and Andersen, Anders}, year={2019}, pages={45–47}} 

@article{Probst_Shaffer_Chan_2013, title={The effect of defaults in an electronic health record on laboratory test ordering practices for pediatric patients.}, volume={32}, DOI={10.1037/a0032925}, number={9}, journal={Health Psychology}, author={Probst, C. Adam and Shaffer, Victoria A. and Chan, Y. Raymond}, year={2013}, pages={995–1002}} 

@article{Bruns_Kantorowicz_2018, title={Can nudges be transparent and yet effective?}, volume={65}, DOI={10.1016/j.joep.2018.02.002}, journal={Journal of Economic Psychology}, author={Bruns, Hendrik and Kantorowicz-Reznichenko, Elena and Klement, Katharina and Luistro Jonsson, Marijane and Rahali, Bilel}, year={2018}, pages={41–45}} 

@article{Benner_2022, title={How to achieve ethical persuasive design: A review and theoretical propositions for Information Systems}, volume={14}, DOI={10.17705/1thci.00179}, number={4}, journal={AIS Transactions on Human-Computer Interaction}, author={Benner, Dennis and Schöbel, Sofia and Janson, Andreas and Leimeister, Jan Marco}, year={2022}, pages={548–577}} 

@article{Karppinen_Oinas-Kukkonen_2013, title={Three approaches to ethical considerations in the design of Behavior Change Support Systems}, DOI={10.1007/978-3-642-37157-8_12}, journal={Persuasive Technology}, author={Karppinen, Pasi and Oinas-Kukkonen, Harri}, year={2013}, pages={87–98}} 

@article{Nass_Moon_Green_1997, title={Are machines gender neutral? gender‐stereotypic responses to computers with voices}, volume={27}, DOI={10.1111/j.1559-1816.1997.tb00275.x}, number={10}, journal={Journal of Applied Social Psychology}, author={Nass, Clifford and Moon, Youngme and Green, Nancy}, year={1997}, pages={864–876}} 

@article{Holzwarth_Janiszewski_Neumann_2006, title={The influence of avatars on online consumer shopping behavior}, volume={70}, DOI={10.1509/jmkg.70.4.19}, number={4}, journal={Journal of Marketing}, author={Holzwarth, Martin and Janiszewski, Chris and Neumann, Marcus M}, year={2006}, pages={19–36}} 