@misc{Kemp_2023, 
	title={Digital 2023 april global statshot report - datareportal – global digital insights}, 
	url={https://datareportal.com/reports/digital-2023-april-global-statshot}, 
	journal={DataReportal}, 
	publisher={DataReportal – Global Digital Insights}, 
	author={Kemp, Simon}, 
	year={2023}, 
	month={Apr}} 

@misc{Ledger_of_Harms, 
	url={https://ledger.humanetech.com/}, 
	journal={Ledger of Harms},
	author={Center for Humane Technology}}

@article{Vosoughi_Roy_Aral_2018, 
	title={The spread of true and false news online}, 
	volume={359}, 
	DOI={10.1126/science.aap9559}, 
	number={6380}, 
	journal={Science}, 
	author={Vosoughi, Soroush and Roy, Deb and Aral, Sinan}, 
	year={2018}, 
	pages={1146–1151}} 

@misc{Lu_2020, 
	title={Fake news gets shared more when it is angry and anxiety-inducing}, 
	url={https://www.newscientist.com/article/2242452-fake-news-gets-shared-more-when-it-is-angry-and-anxiety-inducing/}, 
	journal={New Scientist}, 
	publisher={New Scientist},
	author={Lu, Donna},
	year={2020},
	month={May}}

@article{van_der_Linden_2015, 
	title={The conspiracy-effect: Exposure to conspiracy theories (about global warming) decreases pro-social behavior and science acceptance}, 
	volume={87}, 
	DOI={10.1016/j.paid.2015.07.045}, 
	journal={Personality and Individual Differences}, 
	author={van der Linden, Sander}, 
	year={2015}, 
	pages={171–173}} 

@misc{NPR_2020, 
	title={Researchers: Nearly half of accounts tweeting about coronavirus are likely bots},
	url={https://www.kpbs.org/news/2020/may/20/researchers-nearly-half-of-accounts-tweeting/}, 
	journal={KPBS Public Media}, 
	author={NPR, Bobby Allyn /}, 
	year={2020}, 
	month={May}} 

@misc{Jon-Patrick_Allem, 
	title={Social media fuels wave of coronavirus misinformation as users focus on popularity, not accuracy}, 
	url={https://theconversation.com/social-media-fuels-wave-of-coronavirus-misinformation-as-users-focus-on-popularity-not-accuracy-135179}, 
	journal={The Conversation}, 
	author={Jon-Patrick Allem; Assistant Professor of Research}, 
	year={2023}, 
	month={Nov}} 

@article{Howard,
	title = {Social Media, News and Political Information during the US Election: Was Polarizing Content Concentrated in Swing States?},
	author = {Howard, Philip and Kollanyi, Bence and Bradshaw, Samantha and Neudert, Lisa-Maria},
	year = {2018},
	month = {02}}

@article{fernandez2020recommender,
 	title={Recommender systems and misinformation: the problem or the solution?},
 	author={Fernandez, Miriam and Bellog{\'\i}n, Alejandro},
	year={2020}}

@article{Rathje_Van_Bavel_van_der_Linden_2021, 
	title={Out-group animosity drives engagement on social media}, 
	volume={118}, 
	DOI={10.1073/pnas.2024292118}, 
	number={26}, 
	journal={Proceedings of the National Academy of Sciences}, 
	author={Rathje, Steve and Van Bavel, Jay J. and van der Linden, Sander}, 
	year={2021}} 

@article{Epstein_Robertson_2015, 
	title={The search engine manipulation effect (SEME) and its possible impact on the outcomes of elections}, 
	volume={112}, 
	DOI={10.1073/pnas.1419828112}, 
	number={33}, 
	journal={Proceedings of the National Academy of Sciences}, 
	author={Epstein, Robert and Robertson, Ronald E.}, 
	year={2015}} 

@article{Murphy_Loftus_Grady_Levine_Greene_2019, 
	title={False memories for fake news during Ireland’s abortion referendum}, 
	volume={30}, 
	DOI={10.1177/0956797619864887}, 
	number={10}, 
	journal={Psychological Science}, 
	author={Murphy, Gillian and Loftus, Elizabeth F. and Grady, Rebecca Hofstein and Levine, Linda J. and Greene, Ciara M.}, 
	year={2019}, 
	pages={1449–1459}} 

@misc{Mac_Silverman_2020, 
	title={After the US election, key people are leaving Facebook and torching the company in departure notes}, 
	url={https://www.buzzfeednews.com/article/ryanmac/facebook-rules-hate-speech-employees-leaving}, 
	journal={BuzzFeed News}, 
	publisher={BuzzFeed News}, 
	author={Mac, Ryan and Silverman, Craig}, 
	year={2020}, 
	month={Dec}}

@misc{Knight_Foundation, 
	url={https://knightfoundation.org/reports/disinformation-fake-news-and-influence-campaigns-on-twitter/}, 
	journal={Knight Foundation},
	author={Knight Foundation},
	year={2018},
	month={Oct}} 

@misc{Silverman_2016, 
	title={This analysis shows how viral fake election news stories outperformed Real News on facebook}, 
	url={https://www.buzzfeednews.com/article/craigsilverman/viral-fake-election-news-outperformed-real-news-on-facebook}, 
	journal={BuzzFeed News}, 
	publisher={BuzzFeed News}, 
	author={Silverman, Craig}, 
	year={2016}, 
	month={Nov}} 

@inbook{Genovesi_Kaesling_Robbins_2023, 
	place={Cham, Switzerland}, 
	title={6.4 Manipulation}, 
	booktitle={Recommender systems: Legal and Ethical Issues}, 
	publisher={Springer Nature Switzerland AG}, 
	author={Genovesi, Sergio and Kaesling, Katharina and Robbins, Scott}, 
	year={2023}} 

@misc{Center_for_Humane_Technology, 
	title = {Democratic Functioning},
	url={https://www.humanetech.com/democratic-functioning}, 
	journal={Center for Humane Technology},
	author={Center for Humane Technology}} 

@misc{Reports_2018, 
	title={Why Facebook is losing the war on hate speech in Myanmar}, 
	url={https://www.reuters.com/investigates/special-report/myanmar-facebook-hate/}, 
	journal={Reuters}, 
	publisher={Thomson Reuters}, 
	author={Reports, Special}, 
	year={2018}, month={Aug}} 